<?xml version="1.0" encoding="utf-8"?>
<record xmlns="http://www.loc.gov/MARC21/slim" xmlns:xsi="http://www.w3.org/2001/XMLSchema-instance" xsi:schemaLocation="http://www.loc.gov/MARC21/slim http://www.loc.gov/standards/marcxml/schema/MARC21slim.xsd">
	<leader>     nam a22        4500</leader>
	<controlfield tag="001">3375546</controlfield>
	<controlfield tag="003">NNC</controlfield>
	<controlfield tag="006">m        d        </controlfield>
	<controlfield tag="007">cr cn |||m|||a</controlfield>
	<controlfield tag="008">160426m19381939ua      o     000 0 ara d</controlfield>
	<datafield ind1=" " ind2=" " tag="040">
		<subfield code="a">NNU</subfield>
		<subfield code="b">eng</subfield>
		<subfield code="e">rda</subfield>
		<subfield code="c">NNU</subfield>
	</datafield>
	<datafield ind1=" " ind2="4" tag="050">
		<subfield code="a">BP153</subfield>
		<subfield code="b">.R3 1938</subfield>
	</datafield>
	<datafield ind1="1" ind2=" " tag="100">
		<subfield code="6">880-01</subfield>
		<subfield code="a">Ramlī, Muḥammad ibn Aḥmad,</subfield>
		<subfield code="d">1513-1596.</subfield>
	</datafield>
	<datafield ind1="1" ind2="0" tag="245">
		<subfield code="6">880-02</subfield>
		<subfield code="a">Nihāyat al-muḥtāj ilá sharḥ al-Minhāj fī al-fiqh ʻalá madhhab al-Imām al-Shāfiʻī /</subfield>
		<subfield code="c">taʼlīf Shams al-Dīn Muḥammad ibn Abī al-ʻAbbās al-Shahīr bi-al-Shāfiʻī al-Ṣaghir. Wa-maʻahu :</subfield>
		<subfield code="b">Ḥāshiyat Abī al-Ḍiyāʼ Nūr al-Dīn ʻAlī ibn ʻAlī al-Shabrāmallisī al-Qāhirah. Wa-bi-al-hāmish : Ḥāshiyat Aḥmad ibn ʻAbd al-Razzaq al-maʻrūf bi-al-Maghribī al-Rashīdī.</subfield>
	</datafield>
	<datafield ind1="3" ind2="0" tag="246">
		<subfield code="6">880-03</subfield>
		<subfield code="a">Minhāj</subfield>
	</datafield>
	<datafield ind1="3" ind2=" " tag="246">
		<subfield code="6">880-04</subfield>
		<subfield code="a">Ḥāshiyah ʻalá sharḥ al-Minhāj</subfield>
	</datafield>
	<datafield ind1=" " ind2=" " tag="260">
		<subfield code="6">880-05</subfield>
		<subfield code="a">[al-Qāhirah] :</subfield>
		<subfield code="b">Muṣṭafá al-Bābī al-Ḥalabī,</subfield>
		<subfield code="c">[1938-39]</subfield>
	</datafield>
	<datafield ind1=" " ind2=" " tag="300">
		<subfield code="a">online resource (8 volumes)</subfield>
	</datafield>
	<datafield ind1=" " ind2=" " tag="336">
		<subfield code="a">text</subfield>
		<subfield code="2">rdacontent</subfield>
	</datafield>
	<datafield ind1=" " ind2=" " tag="337">
		<subfield code="a">computer</subfield>
		<subfield code="2">rdamedia</subfield>
	</datafield>
	<datafield ind1=" " ind2=" " tag="338">
		<subfield code="a">online resource</subfield>
		<subfield code="2">rdacarrier</subfield>
	</datafield>
	<datafield ind1=" " ind2=" " tag="500">
		<subfield code="a">Includes text of al-Nawawī's al-minhāj.</subfield>
	</datafield>
	<datafield ind1=" " ind2=" " tag="500">
		<subfield code="a">On spine: Jāmiʻat al-Kuwayt.</subfield>
	</datafield>
	<datafield ind1=" " ind2=" " tag="500">
		<subfield code="a">Part of the Arabic Collections Online (ACO) project, contributed by Columbia University Libraries.</subfield>
	</datafield>
	<datafield ind1=" " ind2=" " tag="533">
		<subfield code="a">Electronic reproduction.</subfield>
		<subfield code="b">New York, N.Y. :</subfield>
		<subfield code="c">New York University,</subfield>
		<subfield code="d">2016.</subfield>
		<subfield code="5">NNU</subfield>
	</datafield>
	<datafield ind1=" " ind2="0" tag="650">
		<subfield code="a">Islamic law.</subfield>
	</datafield>
	<datafield ind1=" " ind2="0" tag="650">
		<subfield code="a">Shafiites.</subfield>
	</datafield>
	<datafield ind1=" " ind2="7" tag="650">
		<subfield code="a">Islamic law.</subfield>
		<subfield code="2">fast</subfield>
		<subfield code="0">(OCoLC)fst00979949</subfield>
	</datafield>
	<datafield ind1=" " ind2="7" tag="650">
		<subfield code="a">Shafiites.</subfield>
		<subfield code="2">fast</subfield>
		<subfield code="0">(OCoLC)fst01115053</subfield>
	</datafield>
	<datafield ind1="1" ind2=" " tag="700">
		<subfield code="6">880-06</subfield>
		<subfield code="a">Maghribī, Aḥmad ibn ʻAbd al-Razzāq,</subfield>
		<subfield code="d">-1684 or 1685.</subfield>
	</datafield>
	<datafield ind1="1" ind2="2" tag="700">
		<subfield code="6">880-07</subfield>
		<subfield code="a">Shabrāmallisī, ʻAlī ibn ʻAlī,</subfield>
		<subfield code="d">1588 or 1589-1676 or 1677.</subfield>
		<subfield code="t">Ḥāshiyah ʻalá sharḥ al-Minhāj.</subfield>
	</datafield>
	<datafield ind1="0" ind2="2" tag="700">
		<subfield code="6">880-08</subfield>
		<subfield code="a">Nawawī,</subfield>
		<subfield code="d">1233-1277.</subfield>
		<subfield code="t">Minhāj al-ṭālibīn.</subfield>
	</datafield>
	<datafield ind1="2" ind2=" " tag="710">
		<subfield code="a">Columbia University.</subfield>
		<subfield code="b">Libraries.</subfield>
	</datafield>
	<datafield ind1="0" ind2=" " tag="730">
		<subfield code="a">Arabic Collections Online.</subfield>
	</datafield>
	<datafield ind1="0" ind2="8" tag="776">
		<subfield code="i">Print version:</subfield>
		<subfield code="a">Ramlī, Muḥammad ibn Aḥmad, 1513-1596.</subfield>
		<subfield code="t">Nihāyat al-muḥtāj ilá sharḥ al-Minhāj fī al-fiqh ʻalá madhhab al-Imām al-Shāfiʻī</subfield>
		<subfield code="w">(NNC)3375546</subfield>
		<subfield code="w">(OCoLC)26376210</subfield>
	</datafield>
	<datafield ind1="4" ind2="0" tag="856">
		<subfield code="u">http://hdl.handle.net/2333.1/vdncjxkm</subfield>
	</datafield>
	<datafield ind1="1" ind2=" " tag="880">
		<subfield code="6">100-01/r</subfield>
		<subfield code="a">رملي، محمد بن احمد،</subfield>
		<subfield code="d">1513-1596.</subfield>
	</datafield>
	<datafield ind1="1" ind2="0" tag="880">
		<subfield code="6">245-02/r</subfield>
		<subfield code="a">نهاية المحتاج إلى شرح المنهاج في الفقه على مذهب الإمام الشافعي /</subfield>
		<subfield code="c">تأليف شمس الدين محمد بن أبي العباس الشهير بالشافعي الصغير. ومعه حاشية أبي الضياء نور الدين علي بن علي الشبراملسي. وبالهامش حاشية أحمد بن عبد الرزاق المعروف بالمغربي الرشيدي.</subfield>
	</datafield>
	<datafield ind1="3" ind2="0" tag="880">
		<subfield code="6">246-03/r</subfield>
		<subfield code="a">منهاج</subfield>
	</datafield>
	<datafield ind1="3" ind2=" " tag="880">
		<subfield code="6">246-04/r</subfield>
		<subfield code="a">حاشية على شرح المنهاج</subfield>
	</datafield>
	<datafield ind1=" " ind2=" " tag="880">
		<subfield code="6">260-05/r</subfield>
		<subfield code="a">[القاهرة] :</subfield>
		<subfield code="b">مصطفى البابي الحلبي،</subfield>
		<subfield code="c">[193839]</subfield>
	</datafield>
	<datafield ind1="1" ind2=" " tag="880">
		<subfield code="6">700-06/r</subfield>
		<subfield code="a">مغربي، احمد بن عبد الرزاق،</subfield>
		<subfield code="d">-1684 or 1685.</subfield>
	</datafield>
	<datafield ind1="1" ind2="2" tag="880">
		<subfield code="6">700-07/r</subfield>
		<subfield code="a">شبراملسي، علي بن علي.</subfield>
		<subfield code="t">حاشية على شرح المنهاج.</subfield>
	</datafield>
	<datafield ind1="0" ind2="2" tag="880">
		<subfield code="6">700-08/r</subfield>
		<subfield code="a">نووي،</subfield>
		<subfield code="d">1233-1277.</subfield>
		<subfield code="t">منهاج الطالين.</subfield>
	</datafield>
	<datafield ind1=" " ind2=" " tag="959">
		<subfield code="a">NNU</subfield>
		<subfield code="b">WEB</subfield>
		<subfield code="c">GENI</subfield>
		<subfield code="t">0</subfield>
		<subfield code="m">Electronic access</subfield>
		<subfield code="s">01</subfield>
	</datafield>
	<datafield ind1=" " ind2=" " tag="999">
		<subfield code="i">NNC_3375546</subfield>
		<subfield code="o">(OCoLC)ocm26376210</subfield>
		<subfield code="s">columbia_aco001811:v.1</subfield>
		<subfield code="s">columbia_aco001812:v.2</subfield>
		<subfield code="s">columbia_aco001813:v.3</subfield>
		<subfield code="s">columbia_aco001814:v.4</subfield>
		<subfield code="s">columbia_aco001815:v.5</subfield>
		<subfield code="s">columbia_aco001816:v.6</subfield>
		<subfield code="s">columbia_aco001817:v.7</subfield>
		<subfield code="s">columbia_aco001818:v.8</subfield>
		<subfield code="e">(ERROR-880)</subfield>
		<subfield code="s">columbia_aco001811:v.1</subfield>
		<subfield code="s">columbia_aco001812:v.2</subfield>
		<subfield code="s">columbia_aco001813:v.3</subfield>
		<subfield code="s">columbia_aco001814:v.4</subfield>
		<subfield code="s">columbia_aco001815:v.5</subfield>
		<subfield code="s">columbia_aco001816:v.6</subfield>
		<subfield code="s">columbia_aco001817:v.7</subfield>
		<subfield code="s">columbia_aco001818:v.8</subfield>
	</datafield>
</record>
